<record><leader>00000cas a22000007a 4500</leader><controlfield tag="001">18957493</controlfield><controlfield tag="008">881231c19859999aluwr ne      0    0eng d</controlfield><datafield ind1=" " ind2=" " tag="010"><subfield code="a">sn 88050247 </subfield></datafield><datafield ind1=" " ind2=" " tag="040"><subfield code="a">CPN</subfield><subfield code="b">eng</subfield><subfield code="c">CPN</subfield><subfield code="d">OCLCQ</subfield></datafield><datafield ind1=" " ind2=" " tag="042"><subfield code="a">msc</subfield></datafield><datafield ind1="0" ind2=" " tag="130"><subfield code="a">Piedmont journal-independent (Piedmont, Ala.)</subfield></datafield><datafield ind1="1" ind2="4" tag="245"><subfield code="a">The Piedmont journal-independent.</subfield></datafield><datafield ind1="3" ind2="0" tag="246"><subfield code="a">Journal independent</subfield></datafield><datafield ind1=" " ind2=" " tag="260"><subfield code="a">Piedmont, Ala. :</subfield><subfield code="b">Lane Weatherbee,</subfield><subfield code="c">1985-</subfield></datafield><datafield ind1=" " ind2=" " tag="300"><subfield code="a">v.</subfield></datafield><datafield ind1=" " ind2=" " tag="310"><subfield code="a">Weekly</subfield></datafield><datafield ind1="0" ind2=" " tag="362"><subfield code="a">Vol. 4, no. 52 (Dec. 24, 1985)-</subfield></datafield><datafield ind1=" " ind2=" " tag="500"><subfield code="a">Sometimes published as: Journal independent.</subfield></datafield><datafield ind1=" " ind2=" " tag="752"><subfield code="a">United States</subfield><subfield code="b">Alabama</subfield><subfield code="c">Calhoun</subfield><subfield code="d">Piedmont.</subfield></datafield><datafield ind1="0" ind2="0" tag="780"><subfield code="t">Journal-independent</subfield><subfield code="w">(DLC)sn 85045014</subfield></datafield></record>